<record><leader>00000cas a22000007a 4500</leader><controlfield tag="001">15146651</controlfield><controlfield tag="008">870203c18959999wiuwr ne      0    0eng d</controlfield><datafield ind1=" " ind2=" " tag="010"><subfield code="a">sn 87082065 </subfield></datafield><datafield ind1=" " ind2=" " tag="040"><subfield code="a">NPV</subfield><subfield code="b">eng</subfield><subfield code="c">NPV</subfield><subfield code="d">OCLCQ</subfield></datafield><datafield ind1=" " ind2=" " tag="042"><subfield code="a">msc</subfield></datafield><datafield ind1="0" ind2="4" tag="245"><subfield code="a">The Iron River pioneer.</subfield></datafield><datafield ind1="3" ind2="0" tag="246"><subfield code="a">Homestead</subfield></datafield><datafield ind1="3" ind2="0" tag="246"><subfield code="a">Pioneer</subfield></datafield><datafield ind1=" " ind2=" " tag="260"><subfield code="a">Iron River, Wis. :</subfield><subfield code="b">Byron Ripley,</subfield><subfield code="c">1895-</subfield></datafield><datafield ind1=" " ind2=" " tag="300"><subfield code="a">v.</subfield></datafield><datafield ind1=" " ind2=" " tag="310"><subfield code="a">Weekly</subfield></datafield><datafield ind1="0" ind2=" " tag="362"><subfield code="a">Vol. 1, no. 42 (Apr. 11, 1895)-</subfield></datafield><datafield ind1=" " ind2=" " tag="515"><subfield code="a">Numbering is irregular.</subfield></datafield><datafield ind1=" " ind2=" " tag="752"><subfield code="a">United States</subfield><subfield code="b">Wisconsin</subfield><subfield code="c">Bayfield</subfield><subfield code="d">Iron River.</subfield></datafield><datafield ind1="0" ind2="0" tag="780"><subfield code="t">Homestead (Iron River, Wis.)</subfield><subfield code="w">(DLC)sn 87008064</subfield></datafield></record>